<record><leader>00000cas a22000007a 4500</leader><controlfield tag="001">15247999</controlfield><controlfield tag="008">870227d18891921paudn ne      0    0eng d</controlfield><datafield ind1=" " ind2=" " tag="010"><subfield code="a">sn 88079374 </subfield></datafield><datafield ind1=" " ind2=" " tag="040"><subfield code="a">NPH</subfield><subfield code="b">eng</subfield><subfield code="c">NPH</subfield><subfield code="d">OCLCQ</subfield></datafield><datafield ind1=" " ind2=" " tag="042"><subfield code="a">msc</subfield></datafield><datafield ind1="0" ind2="0" tag="245"><subfield code="a">Warren evening mirror.</subfield></datafield><datafield ind1="3" ind2="0" tag="246"><subfield code="a">Daily mirror</subfield></datafield><datafield ind1="3" ind2="0" tag="246"><subfield code="a">Warren mirror</subfield></datafield><datafield ind1=" " ind2=" " tag="260"><subfield code="a">Warren, Pa. :</subfield><subfield code="b">Mirror Pub. Co.,</subfield><subfield code="c">1889-1921.</subfield></datafield><datafield ind1=" " ind2=" " tag="300"><subfield code="a">v. :</subfield><subfield code="b">ill. (chiefly advertisements)</subfield></datafield><datafield ind1=" " ind2=" " tag="310"><subfield code="a">Daily (except Sun. &amp; holidays)</subfield></datafield><datafield ind1="0" ind2=" " tag="362"><subfield code="a">Mar. 25, 1889-July 2, 1921.</subfield></datafield><datafield ind1=" " ind2=" " tag="500"><subfield code="a">The word "Evening" appears in masthead logo, &lt;Mar. 1889-Sept. 30, 1916&gt;.</subfield></datafield><datafield ind1=" " ind2=" " tag="515"><subfield code="a">Issues for Mar. 25, 1889- called also vol. 4, no. 1-</subfield></datafield><datafield ind1=" " ind2=" " tag="752"><subfield code="a">United States</subfield><subfield code="b">Pennsylvania</subfield><subfield code="c">Warren</subfield><subfield code="d">Warren.</subfield></datafield><datafield ind1="0" ind2=" " tag="775"><subfield code="t">Warren weekly mirror</subfield><subfield code="w">(DLC)sn 88079371</subfield></datafield><datafield ind1="0" ind2=" " tag="775"><subfield code="t">Warren semi-weekly mirror</subfield><subfield code="w">(DLC)sn 88079375</subfield></datafield><datafield ind1="0" ind2="0" tag="780"><subfield code="t">Warren mirror (Warren, Pa. : Daily)</subfield><subfield code="w">(DLC)sn 88079373</subfield></datafield><datafield ind1="0" ind2="0" tag="785"><subfield code="t">Warren morning mirror</subfield><subfield code="w">(DLC)sn 88079376</subfield></datafield></record>